
@online{merctweet,
    author = "Mercedes-AMG",
    title = "Mercedes-AMG PETRONAS F1 Team[@MercedesAMGF1] via Twitter on November 8, 2019: Races are won at the track. Championships are won at the Factory. [Video attached] [Tweet]",
    url = "https://twitter.com/mercedesamgf1/status/1192891850560020486",
    
},

@online{kagglef1main,
    author = "Vopani",
    title = "Formula 1 World Championship (1950 - 2022)",
    url= "https://www.kaggle.com/datasets/rohanrao/formula-1-world-championship-1950-2020"}

@online{kaggle_5y_f1,
    author = "JONATHAN BOUCHET",
    title = "Formula 1 World Championship 2005-2017",
    url= "https://www.kaggle.com/code/jonathanbouchet/f1-data-analysis/report"}

@online{silverstone_crash_2022, 
    title = "2022 British Grand Prix: Zhou Guanyu conscious but taken away in ambulance following huge crash at race start",
    url= "https://www.formula1.com/en/racing/2022/Great_Britain.html"}

@article{tyre_temp,
author = {Tremlett, A.J. and Limebeer, D.},
year = {2016},
month = {08},
pages = {1-26},
title = {Optimal tyre usage for a Formula One car},
volume = {54},
journal = {Vehicle System Dynamics},
doi = {10.1080/00423114.2016.1213861}
}

@book{wright2001formula,
  title={Formula 1 technology},
  author={Wright, Peter and Matthews, Tony},
  year={2001},
  publisher={SAE International}
}


@online{aws_case_study, 
    author = "AWS",
    title = "Formula 1 Case Study by Amazon Web Services",
    url= "https://aws.amazon.com/solutions/case-studies/formula-one/"}

@online{wiki_f1_regulations, 
    author = "Wikipedia",
    title = "History of Formula One regulations",
    url= "https://en.wikipedia.org/wiki/History_of_Formula_One_regulations"}

@online{wiki_f1_engines, 
    author = "Wikipedia",
    title = "Formula One engines",
    url= "https://en.wikipedia.org/wiki/Formula_One_engines"}
    

